
@inproceedings{Cyrus2018RobustAcceleratedOptimization,
	author = {Cyrus, Saman and Hu, Bin and Van Scoy, Bryan and Lessard, Laurent},
	booktitle = {2018 Annual American Control Conference (ACC)},
	doi = {10.23919/ACC.2018.8430824},
	groups = {PEP},
	organization = {IEEE},
	pages = {1376--1381},
	title = {A robust accelerated optimization algorithm for strongly convex functions},
	year = {2018},
	bdsk-url-1 = {https://doi.org/10.23919/ACC.2018.8430824}}
